@inproceedings{hull,
 author = {Alizadeh, Mohammad and Kabbani, Abdul and Edsall, Tom and Prabhakar, Balaji and Vahdat, Amin and Yasuda, Masato},
 title = {Less is more: trading a little bandwidth for ultra-low latency in the data center},
 booktitle = {Proceedings of the 9th USENIX conference on Networked Systems Design and Implementation},
 series = {NSDI'12},
 year = {2012},
 location = {San Jose, CA},
 pages = {19--19},
 numpages = {1},
 url = {http://dl.acm.org/citation.cfm?id=2228298.2228324},
 acmid = {2228324},
 publisher = {USENIX Association},
 address = {Berkeley, CA, USA},
} 

@article{openflow,
 author = {McKeown, Nick and Anderson, Tom and Balakrishnan, Hari and Parulkar, Guru and Peterson, Larry and Rexford, Jennifer and Shenker, Scott and Turner, Jonathan},
 title = {OpenFlow: enabling innovation in campus networks},
 journal = {SIGCOMM Comput. Commun. Rev.},
 issue_date = {April 2008},
 volume = {38},
 number = {2},
 month = mar,
 year = {2008},
 issn = {0146-4833},
 pages = {69--74},
 numpages = {6},
 url = {http://doi.acm.org/10.1145/1355734.1355746},
 doi = {10.1145/1355734.1355746},
 acmid = {1355746},
 publisher = {ACM},
 address = {New York, NY, USA},
 keywords = {ethernet switch, flow-based, virtualization},
}

@article{queueing,
 author = {Demers, A. and Keshav, S. and Shenker, S.},
 title = {Analysis and simulation of a fair queueing algorithm},
 journal = {SIGCOMM Comput. Commun. Rev.},
 issue_date = {Sep. 1989},
 volume = {19},
 number = {4},
 month = aug,
 year = {1989},
 issn = {0146-4833},
 pages = {1--12},
 numpages = {12},
 url = {http://doi.acm.org/10.1145/75247.75248},
 doi = {10.1145/75247.75248},
 acmid = {75248},
 publisher = {ACM},
 address = {New York, NY, USA},
} 


@misc{dctcp,
 title = {DCTCP Linux kernel patch},
 url = {http://www.stanford.edu/alizade/Site/DCTCP.html},
 keywords = {dctcp},
}

@misc{tcpPacing,
 author = {D.Lacamera},
 title = {TCP Pacing Linux Implementation},
 url = {http://danielinux.net/index.php/TCPPacing},
}

@inproceedings{chiola,
    author = {Giovanni Chiola and Giuseppe Ciaccio},
    title = {Architectural Issues and Preliminary Benchmarking of a Low-cost Network of Workstations based on Active Messages},
    booktitle = {In Proc. 14th ITG/GI conference on Architecture of Computer Systems (ARCS'97},
    year = {1997},
    pages = {13--22}
}

@inproceedings{chun,
    author = {Brent N. Chun and Alan M. Mainwaring and David E. Culler},
    title = {Virtual Network Transport Protocols for Myrinet},
    booktitle = {IEEE MICRO},
    year = {1997},
    pages = {53--63},
    publisher = {}
}

@inproceedings{eicken,
    author = {Thorsten Von Eicken and Anindya Basu and Vineet Buch and Werner Vogels},
    title = {U-Net: A User-Level Network Interface for Parallel and Distributed Computing},
    booktitle = {In Fifteenth ACM Symposium on Operating System Principles},
    year = {1995}
}

@MISC{dittia,
    author = {Zubin D. Dittia},
    title = {Integrated Hardware/Software Design of a High-Performance Network Interface},
    year = {2001}
}
